<?xml version="1.0" encoding="utf-8"?>
<record xmlns="http://www.loc.gov/MARC21/slim" xmlns:xsi="http://www.w3.org/2001/XMLSchema-instance" xsi:schemaLocation="http://www.loc.gov/MARC21/slim http://www.loc.gov/standards/marcxml/schema/MARC21slim.xsd">
	<leader>     nam a22     Mi 4500</leader>
	<controlfield tag="001">400386</controlfield>
	<controlfield tag="003">NjP</controlfield>
	<controlfield tag="006">m        d        </controlfield>
	<controlfield tag="007">cr cn |||m|||a</controlfield>
	<controlfield tag="008">180814q19801987ir h    o     000 0 ara d</controlfield>
	<datafield ind1="7" ind2=" " tag="024">
		<subfield code="a">princeton_aco001232</subfield>
		<subfield code="2">local</subfield>
	</datafield>
	<datafield ind1=" " ind2=" " tag="040">
		<subfield code="a">ZYU</subfield>
		<subfield code="b">eng</subfield>
		<subfield code="c">ZYU</subfield>
	</datafield>
	<datafield ind1="0" ind2=" " tag="041">
		<subfield code="a">ara</subfield>
		<subfield code="a">per</subfield>
	</datafield>
	<datafield ind1=" " ind2="4" tag="050">
		<subfield code="a">BP193.25</subfield>
		<subfield code="b">.I22 1980</subfield>
	</datafield>
	<datafield ind1=" " ind2=" " tag="079">
		<subfield code="a">ocm22320613</subfield>
	</datafield>
	<datafield ind1="1" ind2=" " tag="100">
		<subfield code="6">880-01</subfield>
		<subfield code="a">Ibn Bābawayh al-Qummī, Muḥammad ibn ʻAlī,</subfield>
		<subfield code="d">918 or 919-991 or 992.</subfield>
	</datafield>
	<datafield ind1="1" ind2="0" tag="240">
		<subfield code="6">880-02</subfield>
		<subfield code="a">Mawāʻiẓ</subfield>
	</datafield>
	<datafield ind1="1" ind2="0" tag="245">
		<subfield code="6">880-03</subfield>
		<subfield code="a">Kitāb al-mawāʻiẓ</subfield>
		<subfield code="h">[electronic resource] /</subfield>
		<subfield code="c">taʼlīf Shaykh Ṣadūq Muḥammad ibn ʻAlī ibn Bābawayh ; tarjamah az ʻAzīz Allāh ʻAṭāridī.</subfield>
	</datafield>
	<datafield ind1=" " ind2=" " tag="260">
		<subfield code="6">880-04</subfield>
		<subfield code="a">Qum :</subfield>
		<subfield code="b">Intishārāt-i Hijrat,</subfield>
		<subfield code="c">[198-?]</subfield>
	</datafield>
	<datafield ind1=" " ind2=" " tag="300">
		<subfield code="a">online resource (16, 139 p.) :</subfield>
		<subfield code="b">facsims.</subfield>
	</datafield>
	<datafield ind1=" " ind2=" " tag="500">
		<subfield code="a">Title page vocalized.</subfield>
	</datafield>
	<datafield ind1=" " ind2=" " tag="500">
		<subfield code="a">Arabic and Persian.</subfield>
	</datafield>
	<datafield ind1=" " ind2=" " tag="500">
		<subfield code="a">Part of the Arabic Collections Online (ACO) project, contributed by Princeton University Libraries.</subfield>
	</datafield>
	<datafield ind1=" " ind2=" " tag="533">
		<subfield code="a">Electronic reproduction.</subfield>
		<subfield code="b">New York, N.Y. :</subfield>
		<subfield code="c">New York University,</subfield>
		<subfield code="d">2018.</subfield>
		<subfield code="5">NNU</subfield>
	</datafield>
	<datafield ind1=" " ind2="0" tag="650">
		<subfield code="a">Islamic sermons, Arabic</subfield>
		<subfield code="x">Early works to 1800.</subfield>
	</datafield>
	<datafield ind1="1" ind2=" " tag="700">
		<subfield code="6">880-05</subfield>
		<subfield code="a">ʻAṭāridī al-Khabūshānī, ʻAzīz Allāh.</subfield>
	</datafield>
	<datafield ind1="2" ind2=" " tag="710">
		<subfield code="a">Princeton University.</subfield>
		<subfield code="b">Library.</subfield>
	</datafield>
	<datafield ind1="0" ind2=" " tag="730">
		<subfield code="a">Arabic Collections Online.</subfield>
	</datafield>
	<datafield ind1="0" ind2=" " tag="740">
		<subfield code="6">880-06</subfield>
		<subfield code="a">Mawāʻiẓ.</subfield>
	</datafield>
	<datafield ind1="0" ind2="8" tag="776">
		<subfield code="i">Print version:</subfield>
		<subfield code="a">Ibn Bābawayh al-Qummī, Muḥammad ibn ʻAlī, 918 or 919-991 or 992.</subfield>
		<subfield code="t">Kitāb al-mawāʻiẓ</subfield>
		<subfield code="w">(NjP)400386</subfield>
	</datafield>
	<datafield ind1="4" ind2="0" tag="856">
		<subfield code="u">http://hdl.handle.net/2333.1/c2fqzcnf</subfield>
	</datafield>
	<datafield ind1="1" ind2=" " tag="880">
		<subfield code="6">100-01</subfield>
		<subfield code="a">ابن بابويه القمي، محمد بن علي،‎</subfield>
		<subfield code="d">918 or 919-991 or 992.</subfield>
	</datafield>
	<datafield ind1="1" ind2="0" tag="880">
		<subfield code="6">240-02</subfield>
		<subfield code="a">مواعظ‎</subfield>
	</datafield>
	<datafield ind1="1" ind2="0" tag="880">
		<subfield code="6">245-03</subfield>
		<subfield code="a">كتاب المواعظ /‎</subfield>
		<subfield code="c">تأليف شيخ صدوق محمد بن علي بن بابويه ؛ ترجمة از عزيز الله عطاردي.‎</subfield>
	</datafield>
	<datafield ind1=" " ind2=" " tag="880">
		<subfield code="6">260-04</subfield>
		<subfield code="a">قم :‎</subfield>
		<subfield code="b">انتشاراتا هجرت،‎</subfield>
		<subfield code="c">[198-؟]‎</subfield>
	</datafield>
	<datafield ind1="1" ind2=" " tag="880">
		<subfield code="6">700-05</subfield>
		<subfield code="a">عطاردي الخبوشاني، عزيز الله.‎</subfield>
	</datafield>
	<datafield ind1="0" ind2=" " tag="880">
		<subfield code="6">740-06</subfield>
		<subfield code="a">مواعظ.‎</subfield>
	</datafield>
	<datafield ind1=" " ind2=" " tag="911">
		<subfield code="a">19921028</subfield>
	</datafield>
	<datafield ind1=" " ind2=" " tag="912">
		<subfield code="a">19981209040058.0</subfield>
	</datafield>
	<datafield ind1=" " ind2=" " tag="959">
		<subfield code="a">NNU</subfield>
		<subfield code="b">WEB</subfield>
		<subfield code="c">GENI</subfield>
		<subfield code="t">0</subfield>
		<subfield code="m">Electronic access</subfield>
		<subfield code="s">01</subfield>
	</datafield>
	<datafield ind1=" " ind2=" " tag="999">
		<subfield code="a">400386</subfield>
		<subfield code="e">(ERROR-MISC)</subfield>
		<subfield code="i">NjP_400386</subfield>
		<subfield code="s">princeton_aco001232</subfield>
	</datafield>
</record>
